@article{Fox:2008kb,
      author         = "Fox, Patrick J. and Poppitz, Erich",
      title          = "{Leptophilic Dark Matter}",
      journal        = "Phys. Rev.",
      volume         = "D79",
      year           = "2009",
      pages          = "083528",
      doi            = "10.1103/PhysRevD.79.083528",
      eprint         = "0811.0399",
      archivePrefix  = "arXiv",
      primaryClass   = "hep-ph",
      reportNumber   = "FERMILAB-PUB-08-505-T",
      SLACcitation   = "%%CITATION = ARXIV:0811.0399;%%"
}

@article{Ellis:2016jkw,
      author         = "Ellis, Joshua",
      title          = "{TikZ-Feynman: Feynman diagrams with TikZ}",
      journal        = "Comput. Phys. Commun.",
      volume         = "210",
      year           = "2017",
      pages          = "103-123",
      doi            = "10.1016/j.cpc.2016.08.019",
      eprint         = "1601.05437",
      archivePrefix  = "arXiv",
      primaryClass   = "hep-ph",
      SLACcitation   = "%%CITATION = ARXIV:1601.05437;%%"
}

@article{Alloul:2013bka,
      author         = "Alloul, Adam and Christensen, Neil D. and Degrande,
                        Céline and Duhr, Claude and Fuks, Benjamin",
      title          = "{FeynRules  2.0 - A complete toolbox for tree-level
                        phenomenology}",
      journal        = "Comput. Phys. Commun.",
      volume         = "185",
      year           = "2014",
      pages          = "2250-2300",
      doi            = "10.1016/j.cpc.2014.04.012",
      eprint         = "1310.1921",
      archivePrefix  = "arXiv",
      primaryClass   = "hep-ph",
      reportNumber   = "CERN-PH-TH-2013-239, MCNET-13-14, IPPP-13-71,
                        DCPT-13-142, PITT-PACC-1308",
      SLACcitation   = "%%CITATION = ARXIV:1310.1921;%%"
}

@article{MERTIG1991345,
title = "Feyn Calc - Computer-algebraic calculation of Feynman amplitudes",
journal = "Computer Physics Communications",
volume = "64",
number = "3",
pages = "345 - 359",
year = "1991",
issn = "0010-4655",
doi = "https://doi.org/10.1016/0010-4655(91)90130-D",
url = "http://www.sciencedirect.com/science/article/pii/001046559190130D",
author = "R. Mertig and M. Böhm and A. Denner",
abstract = "We present the computer program Feyn Calc for automatic algebraic calculation of Feynman amplitudes. The purpose of the package is to facilitate the process of calculating radiative corrections in renormalizable gauge theories. We have used the program to calculate tree level diagrams as well as 1- and 2-loop corrections in the Standard Model. The package is written in the computer algebra languages Macsyma as well as Mathematica allowing the necessary degree of generality."
}

@article{Shtabovenko:2016sxi,
      author         = "Shtabovenko, Vladyslav and Mertig, Rolf and Orellana,
                        Frederik",
      title          = "{New Developments in FeynCalc 9.0}",
      journal        = "Comput. Phys. Commun.",
      volume         = "207",
      year           = "2016",
      pages          = "432-444",
      doi            = "10.1016/j.cpc.2016.06.008",
      eprint         = "1601.01167",
      archivePrefix  = "arXiv",
      primaryClass   = "hep-ph",
      reportNumber   = "TUM-EFT-71-15",
      SLACcitation   = "%%CITATION = ARXIV:1601.01167;%%"
}

@article{Alwall:2014hca,
      author         = "Alwall, J. and Frederix, R. and Frixione, S. and Hirschi,
                        V. and Maltoni, F. and Mattelaer, O. and Shao, H. -S. and
                        Stelzer, T. and Torrielli, P. and Zaro, M.",
      title          = "{The automated computation of tree-level and
                        next-to-leading order differential cross sections, and
                        their matching to parton shower simulations}",
      journal        = "JHEP",
      volume         = "07",
      year           = "2014",
      pages          = "079",
      doi            = "10.1007/JHEP07(2014)079",
      eprint         = "1405.0301",
      archivePrefix  = "arXiv",
      primaryClass   = "hep-ph",
      reportNumber   = "CERN-PH-TH-2014-064, CP3-14-18, LPN14-066, MCNET-14-09,
                        ZU-TH-14-14",
      SLACcitation   = "%%CITATION = ARXIV:1405.0301;%%"
}

@article{Nickolls:2008:SPP:1365490.1365500,
 author = {Nickolls, John and Buck, Ian and Garland, Michael and Skadron, Kevin},
 title = {Scalable Parallel Programming with CUDA},
 journal = {Queue},
 issue_date = {March/April 2008},
 volume = {6},
 number = {2},
 month = mar,
 year = {2008},
 issn = {1542-7730},
 pages = {40--53},
 numpages = {14},
 url = {http://doi.acm.org/10.1145/1365490.1365500},
 doi = {10.1145/1365490.1365500},
 acmid = {1365500},
 publisher = {ACM},
 address = {New York, NY, USA},
} 

@article{Scherer:2002tk,
      author         = "Scherer, Stefan",
      title          = "{Introduction to chiral perturbation theory}",
      journal        = "Adv. Nucl. Phys.",
      volume         = "27",
      year           = "2003",
      pages          = "277",
      note           = "[,277(2002)]",
      eprint         = "hep-ph/0210398",
      archivePrefix  = "arXiv",
      primaryClass   = "hep-ph",
      reportNumber   = "MKPH-T-02-09",
      SLACcitation   = "%%CITATION = HEP-PH/0210398;%%"
}


@article{Baudis:2018bvr,
      author         = "Baudis, Laura",
      title          = "{The Search for Dark Matter}",
      doi            = "10.1017/S1062798717000783",
      year           = "2018",
      eprint         = "1801.08128",
      archivePrefix  = "arXiv",
      primaryClass   = "astro-ph.CO",
      SLACcitation   = "%%CITATION = ARXIV:1801.08128;%%"
}

@article{Patrignani:2016xqp,
      author         = "Patrignani, C. and others",
      title          = "{Review of Particle Physics}",
      collaboration  = "Particle Data Group",
      journal        = "Chin. Phys.",
      volume         = "C40",
      year           = "2016",
      number         = "10",
      pages          = "100001",
      doi            = "10.1088/1674-1137/40/10/100001",
      SLACcitation   = "%%CITATION = CHPHD,C40,100001;%%"
}

@article{Bergstrom:2000pn,
      author         = "Bergström, Lars",
      title          = "{Nonbaryonic dark matter: Observational evidence and
                        detection methods}",
      journal        = "Rept. Prog. Phys.",
      volume         = "63",
      year           = "2000",
      pages          = "793",
      doi            = "10.1088/0034-4885/63/5/2r3",
      eprint         = "hep-ph/0002126",
      archivePrefix  = "arXiv",
      primaryClass   = "hep-ph",
      SLACcitation   = "%%CITATION = HEP-PH/0002126;%%"
}

@article{Aoyama:2017uqe,
      author         = "Aoyama, Tatsumi and Kinoshita, Toichiro and Nio, Makiko",
      title          = "{Revised and Improved Value of the QED Tenth-Order
                        Electron Anomalous Magnetic Moment}",
      journal        = "Phys. Rev.",
      volume         = "D97",
      year           = "2018",
      number         = "3",
      pages          = "036001",
      doi            = "10.1103/PhysRevD.97.036001",
      eprint         = "1712.06060",
      archivePrefix  = "arXiv",
      primaryClass   = "hep-ph",
      reportNumber   = "RIKEN-QHP-345",
      SLACcitation   = "%%CITATION = ARXIV:1712.06060;%%"
}

@article{Hanneke:2010au,
      author         = "Hanneke, D. and Hoogerheide, S. Fogwell and Gabrielse,
                        G.",
      title          = "{Cavity Control of a Single-Electron Quantum Cyclotron:
                        Measuring the Electron Magnetic Moment}",
      journal        = "Phys. Rev.",
      volume         = "A83",
      year           = "2011",
      pages          = "052122",
      doi            = "10.1103/PhysRevA.83.052122",
      eprint         = "1009.4831",
      archivePrefix  = "arXiv",
      primaryClass   = "physics.atom-ph",
      SLACcitation   = "%%CITATION = ARXIV:1009.4831;%%"
}

@article{PhysRevD.73.072003,
  title = {Final report of the E821 muon anomalous magnetic moment measurement at BNL},
  author = {Bennett, G. W. and Bousquet, B. and Brown, H. N. and Bunce, G. and Carey, R. M. and Cushman, P. and Danby, G. T. and Debevec, P. T. and Deile, M. and Deng, H. and Deninger, W. and Dhawan, S. K. and Druzhinin, V. P. and Duong, L. and Efstathiadis, E. and Farley, F. J. M. and Fedotovich, G. V. and Giron, S. and Gray, F. E. and Grigoriev, D. and Grosse-Perdekamp, M. and Grossmann, A. and Hare, M. F. and Hertzog, D. W. and Huang, X. and Hughes, V. W. and Iwasaki, M. and Jungmann, K. and Kawall, D. and Kawamura, M. and Khazin, B. I. and Kindem, J. and Krienen, F. and Kronkvist, I. and Lam, A. and Larsen, R. and Lee, Y. Y. and Logashenko, I. and McNabb, R. and Meng, W. and Mi, J. and Miller, J. P. and Mizumachi, Y. and Morse, W. M. and Nikas, D. and Onderwater, C. J. G. and Orlov, Y. and \"Ozben, C. S. and Paley, J. M. and Peng, Q. and Polly, C. C. and Pretz, J. and Prigl, R. and zu Putlitz, G. and Qian, T. and Redin, S. I. and Rind, O. and Roberts, B. L. and Ryskulov, N. and Sedykh, S. and Semertzidis, Y. K. and Shagin, P. and Shatunov, Yu. M. and Sichtermann, E. P. and Solodov, E. and Sossong, M. and Steinmetz, A. and Sulak, L. R. and Timmermans, C. and Trofimov, A. and Urner, D. and von Walter, P. and Warburton, D. and Winn, D. and Yamamoto, A. and Zimmerman, D.},
  collaboration = {Muon g-2 Collaboration},
  journal = {Phys. Rev. D},
  volume = {73},
  issue = {7},
  pages = {072003},
  numpages = {41},
  year = {2006},
  month = {Apr},
  publisher = {American Physical Society},
  doi = {10.1103/PhysRevD.73.072003},
  url = {https://link.aps.org/doi/10.1103/PhysRevD.73.072003}
}

@article{Mortonson:2013zfa,
      author         = "Mortonson, Michael J. and Weinberg, David H. and White,
                        Martin",
      title          = "{Dark Energy: A Short Review}",
      year           = "2013",
      eprint         = "1401.0046",
      archivePrefix  = "arXiv",
      primaryClass   = "astro-ph.CO",
      SLACcitation   = "%%CITATION = ARXIV:1401.0046;%%"
}

@article{Padilla:2015aaa,
      author         = "Padilla, Antonio",
      title          = "{Lectures on the Cosmological Constant Problem}",
      year           = "2015",
      eprint         = "1502.05296",
      archivePrefix  = "arXiv",
      primaryClass   = "hep-th",
      SLACcitation   = "%%CITATION = ARXIV:1502.05296;%%"
}

@article{Asatrian:2012tp,
      author         = "Asatrian, H. M. and Hovhannisyan, A. and Yeghiazaryan,
                        A.",
      title          = "{The phase space analysis for three and four massive
                        particles in final states}",
      journal        = "Phys. Rev.",
      volume         = "D86",
      year           = "2012",
      pages          = "114023",
      doi            = "10.1103/PhysRevD.86.114023",
      eprint         = "1210.7939",
      archivePrefix  = "arXiv",
      primaryClass   = "hep-ph",
      SLACcitation   = "%%CITATION = ARXIV:1210.7939;%%"
}

@article{Altmannshofer:2014pba,
      author         = "Altmannshofer, Wolfgang and Gori, Stefania and Pospelov,
                        Maxim and Yavin, Itay",
      title          = "{Neutrino Trident Production: A Powerful Probe of New
                        Physics with Neutrino Beams}",
      journal        = "Phys. Rev. Lett.",
      volume         = "113",
      year           = "2014",
      pages          = "091801",
      doi            = "10.1103/PhysRevLett.113.091801",
      eprint         = "1406.2332",
      archivePrefix  = "arXiv",
      primaryClass   = "hep-ph",
      SLACcitation   = "%%CITATION = ARXIV:1406.2332;%%"
}

@incollection{OKUN198415,
title = "CHAPTER 3 - Muon decay",
editor = "L.B. OKUN",
booktitle = "Leptons and Quarks",
publisher = "Elsevier",
address = "Amsterdam",
pages = "15 - 21",
year = "1984",
series = "North-Holland Personal Library",
issn = "09255818",
doi = "https://doi.org/10.1016/B978-0-444-86924-1.50006-4",
url = "http://www.sciencedirect.com/science/article/pii/B9780444869241500064",
author = "L.B. OKUN"
}

@article{Martin:1997ns,
      author         = "Martin, Stephen P.",
      title          = "{A Supersymmetry primer}",
      year           = "1997",
      pages          = "1-98",
      doi            = "10.1142/9789812839657_0001, 10.1142/9789814307505_0001",
      note           = "[Adv. Ser. Direct. High Energy Phys.18,1(1998)]",
      eprint         = "hep-ph/9709356",
      archivePrefix  = "arXiv",
      primaryClass   = "hep-ph",
      reportNumber   = "FERMILAB-PUB-97-425-T",
      SLACcitation   = "%%CITATION = HEP-PH/9709356;%%"
}

@article{TWIST:2011aa,
      author         = "Hillairet, A. and others",
      title          = "{Precision muon decay measurements and improved
                        constraints on the weak interaction}",
      collaboration  = "TWIST",
      journal        = "Phys. Rev.",
      volume         = "D85",
      year           = "2012",
      pages          = "092013",
      doi            = "10.1103/PhysRevD.85.092013",
      eprint         = "1112.3606",
      archivePrefix  = "arXiv",
      primaryClass   = "hep-ex",
      SLACcitation   = "%%CITATION = ARXIV:1112.3606;%%"
}

@article{Begeman:1991iy,
      author         = "Begeman, K. G. and Broeils, A. H. and Sanders, R. H.",
      title          = "{Extended rotation curves of spiral galaxies: Dark haloes
                        and modified dynamics}",
      journal        = "Mon. Not. Roy. Astron. Soc.",
      volume         = "249",
      year           = "1991",
      pages          = "523",
      SLACcitation   = "%%CITATION = MNRAA,249,523;%%"
}

@article{Bertone:2004pz,
      author         = "Bertone, Gianfranco and Hooper, Dan and Silk, Joseph",
      title          = "{Particle dark matter: Evidence, candidates and
                        constraints}",
      journal        = "Phys. Rept.",
      volume         = "405",
      year           = "2005",
      pages          = "279-390",
      doi            = "10.1016/j.physrep.2004.08.031",
      eprint         = "hep-ph/0404175",
      archivePrefix  = "arXiv",
      primaryClass   = "hep-ph",
      reportNumber   = "FERMILAB-PUB-04-047-A",
      SLACcitation   = "%%CITATION = HEP-PH/0404175;%%"
}



@article{Izaguirre:2014bca,
      author         = "Izaguirre, Eder and Krnjaic, Gordan and Schuster, Philip
                        and Toro, Natalia",
      title          = "{Testing GeV-Scale Dark Matter with Fixed-Target Missing
                        Momentum Experiments}",
      journal        = "Phys. Rev.",
      volume         = "D91",
      year           = "2015",
      number         = "9",
      pages          = "094026",
      doi            = "10.1103/PhysRevD.91.094026",
      eprint         = "1411.1404",
      archivePrefix  = "arXiv",
      primaryClass   = "hep-ph",
      SLACcitation   = "%%CITATION = ARXIV:1411.1404;%%"
}

@article{deNiverville:2011it,
      author         = "deNiverville, Patrick and Pospelov, Maxim and Ritz, Adam",
      title          = "{Observing a light dark matter beam with neutrino
                        experiments}",
      journal        = "Phys. Rev.",
      volume         = "D84",
      year           = "2011",
      pages          = "075020",
      doi            = "10.1103/PhysRevD.84.075020",
      eprint         = "1107.4580",
      archivePrefix  = "arXiv",
      primaryClass   = "hep-ph",
      SLACcitation   = "%%CITATION = ARXIV:1107.4580;%%"
}

@article{Lurkin:2017aqo,
      author         = "Lurkin, Nicolas",
      title          = "{Recent results from NA48/2 and NA62 experiments at
                        CERN}",
      booktitle      = "{Proceedings, 13th International Conference on Heavy
                        Quarks and Leptons (HQL 2016): Blacksburg, Virginia, USA,
                        May 22-27, 2016}",
      journal        = "PoS",
      volume         = "HQL2016",
      year           = "2017",
      pages          = "033",
      doi            = "10.22323/1.274.0033",
      eprint         = "1701.06979",
      archivePrefix  = "arXiv",
      primaryClass   = "hep-ex",
      reportNumber   = "POS(HQL-2016)033",
      SLACcitation   = "%%CITATION = ARXIV:1701.06979;%%"
}

@article{Rizzo:2018vlb,
      author         = "Rizzo, Thomas G.",
      title          = "{Kinetic Mixing and Portal Matter Phenomenology}",
      year           = "2018",
      eprint         = "1810.07531",
      archivePrefix  = "arXiv",
      primaryClass   = "hep-ph",
      reportNumber   = "SLAC-PUB-17326",
      SLACcitation   = "%%CITATION = ARXIV:1810.07531;%%"
}

@article{Goudzovski:2014rwa,
      author         = "Goudzovski, Evgueni",
      title          = "{Search for the dark photon in $\pi^0$ decays by the
                        NA48/2 experiment at CERN}",
      booktitle      = "{Proceedings, Dark Matter, Hadron Physics and Fusion
                        Physics (DHF2014): Messina, Italy, September 24-26, 2014}",
      collaboration  = "NA48/2",
      journal        = "EPJ Web Conf.",
      volume         = "96",
      year           = "2015",
      pages          = "01017",
      doi            = "10.1051/epjconf/20159601017",
      eprint         = "1412.8053",
      archivePrefix  = "arXiv",
      primaryClass   = "hep-ex",
      SLACcitation   = "%%CITATION = ARXIV:1412.8053;%%"
}

@article{Aad:2014wra,
      author         = "Aad, Georges and others",
      title          = "{Measurements of Four-Lepton Production at the Z
                        Resonance in pp Collisions at $\sqrt s=$7 and 8 TeV with
                        ATLAS}",
      collaboration  = "ATLAS",
      journal        = "Phys. Rev. Lett.",
      volume         = "112",
      year           = "2014",
      number         = "23",
      pages          = "231806",
      doi            = "10.1103/PhysRevLett.112.231806",
      eprint         = "1403.5657",
      archivePrefix  = "arXiv",
      primaryClass   = "hep-ex",
      reportNumber   = "CERN-PH-EP-2014-047",
      SLACcitation   = "%%CITATION = ARXIV:1403.5657;%%"
}

@article{PhysRevLett.115.071801,
  title = {Improved Measurement of the $\ensuremath{\pi}\ensuremath{\rightarrow}\mathrm{e}\ensuremath{\nu}$ Branching Ratio},
  author = {Aguilar-Arevalo, A. and Aoki, M. and Blecher, M. and Britton, D. I. and Bryman, D. A. and vom Bruch, D. and Chen, S. and Comfort, J. and Ding, M. and Doria, L. and Cuen-Rochin, S. and Gumplinger, P. and Hussein, A. and Igarashi, Y. and Ito, S. and Kettell, S. H. and Kurchaninov, L. and Littenberg, L. S. and Malbrunot, C. and Mischke, R. E. and Numao, T. and Protopopescu, D. and Sher, A. and Sullivan, T. and Vavilov, D. and Yamada, K.},
  collaboration = {PIENU Collaboration},
  journal = {Phys. Rev. Lett.},
  volume = {115},
  issue = {7},
  pages = {071801},
  numpages = {5},
  year = {2015},
  month = {Aug},
  publisher = {American Physical Society},
  doi = {10.1103/PhysRevLett.115.071801},
  url = {https://link.aps.org/doi/10.1103/PhysRevLett.115.071801}
}

@article{PhysRevLett.99.231801,
  title = {Two-Loop Effective Theory Analysis of $\ensuremath{\pi}$ $(K)\ensuremath{\rightarrow}e{\overline{\ensuremath{\nu}}}_{e}[\ensuremath{\gamma}]$ Branching Ratios},
  author = {Cirigliano, Vincenzo and Rosell, Ignasi},
  journal = {Phys. Rev. Lett.},
  volume = {99},
  issue = {23},
  pages = {231801},
  numpages = {4},
  year = {2007},
  month = {Dec},
  publisher = {American Physical Society},
  doi = {10.1103/PhysRevLett.99.231801},
  url = {https://link.aps.org/doi/10.1103/PhysRevLett.99.231801}
}

@article{Aguilar-Arevalo:2017vlf,
      author         = "Aguilar-Arevalo, A. and others",
      title          = "{Improved search for heavy neutrinos in the decay
                        $\pi\rightarrow e\nu$}",
      collaboration  = "PIENU",
      journal        = "Phys. Rev.",
      volume         = "D97",
      year           = "2018",
      number         = "7",
      pages          = "072012",
      doi            = "10.1103/PhysRevD.97.072012",
      eprint         = "1712.03275",
      archivePrefix  = "arXiv",
      primaryClass   = "hep-ex",
      SLACcitation   = "%%CITATION = ARXIV:1712.03275;%%"
}

@article{Frugiuele:2019drl,
      author         = "Frugiuele, Claudia and Pérez-Ríos, Jesús and Peset,
                        Clara",
      title          = "{Current and future perspectives of positronium and
                        muonium spectroscopy as dark sectors probe}",
      year           = "2019",
      eprint         = "1902.08585",
      archivePrefix  = "arXiv",
      primaryClass   = "hep-ph",
      SLACcitation   = "%%CITATION = ARXIV:1902.08585;%%"
}

@article{Delaunay:2017dku,
      author         = "Delaunay, Cédric and Frugiuele, Claudia and Fuchs, Elina
                        and Soreq, Yotam",
      title          = "{Probing new spin-independent interactions through
                        precision spectroscopy in atoms with few electrons}",
      journal        = "Phys. Rev.",
      volume         = "D96",
      year           = "2017",
      number         = "11",
      pages          = "115002",
      doi            = "10.1103/PhysRevD.96.115002",
      eprint         = "1709.02817",
      archivePrefix  = "arXiv",
      primaryClass   = "hep-ph",
      SLACcitation   = "%%CITATION = ARXIV:1709.02817;%%"
}

@article{Massey:2010hh,
      author         = "Massey, Richard and Kitching, Thomas and Richard, Johan",
      title          = "{The dark matter of gravitational lensing}",
      journal        = "Rept. Prog. Phys.",
      volume         = "73",
      year           = "2010",
      pages          = "086901",
      doi            = "10.1088/0034-4885/73/8/086901",
      eprint         = "1001.1739",
      archivePrefix  = "arXiv",
      primaryClass   = "astro-ph.CO",
      SLACcitation   = "%%CITATION = ARXIV:1001.1739;%%"
}

@article{Lees:2017lec,
      author         = "Lees, J. P. and others",
      title          = "{Search for Invisible Decays of a Dark Photon Produced in
                        ${e}^{+}{e}^{-}$ Collisions at BaBar}",
      collaboration  = "BaBar",
      journal        = "Phys. Rev. Lett.",
      volume         = "119",
      year           = "2017",
      number         = "13",
      pages          = "131804",
      doi            = "10.1103/PhysRevLett.119.131804",
      eprint         = "1702.03327",
      archivePrefix  = "arXiv",
      primaryClass   = "hep-ex",
      reportNumber   = "BABAR-PUB-17-001, SLAC-PUB-16923",
      SLACcitation   = "%%CITATION = ARXIV:1702.03327;%%"
}

@article{Chen:2018vkr,
      author         = "Chen, Chien-Yi and Kozaczuk, Jonathan and Zhong, Yi-Ming",
      title          = "{Exploring leptophilic dark matter with NA64-$\mu$}",
      journal        = "JHEP",
      volume         = "10",
      year           = "2018",
      pages          = "154",
      doi            = "10.1007/JHEP10(2018)154",
      eprint         = "1807.03790",
      archivePrefix  = "arXiv",
      primaryClass   = "hep-ph",
      SLACcitation   = "%%CITATION = ARXIV:1807.03790;%%"
}

@article{Inguglia:2016acz,
      author         = "Inguglia, Gianluca",
      title          = "{Belle II studies of missing energy decays and searches
                        for dark photon production}",
      booktitle      = "{Proceedings, 24th International Workshop on
                        Deep-Inelastic Scattering and Related Subjects (DIS 2016):
                        Hamburg, Germany, April 11-15, 2016}",
      journal        = "PoS",
      volume         = "DIS2016",
      year           = "2016",
      pages          = "263",
      doi            = "10.22323/1.265.0263",
      eprint         = "1607.02089",
      archivePrefix  = "arXiv",
      primaryClass   = "hep-ex",
      SLACcitation   = "%%CITATION = ARXIV:1607.02089;%%"
}

@article{Banerjee:2018vgk,
      author         = "Banerjee, D. and others",
      title          = "{Search for a Hypothetical 16.7 MeV Gauge Boson and Dark
                        Photons in the NA64 Experiment at CERN}",
      collaboration  = "NA64",
      journal        = "Phys. Rev. Lett.",
      volume         = "120",
      year           = "2018",
      number         = "23",
      pages          = "231802",
      doi            = "10.1103/PhysRevLett.120.231802",
      eprint         = "1803.07748",
      archivePrefix  = "arXiv",
      primaryClass   = "hep-ex",
      reportNumber   = "CERN-EP-2018-043",
      SLACcitation   = "%%CITATION = ARXIV:1803.07748;%%"
}

@article{Batell:2016ove,
      author         = "Batell, Brian and Lange, Nicholas and McKeen, David and
                        Pospelov, Maxim and Ritz, Adam",
      title          = "{Muon anomalous magnetic moment through the leptonic
                        Higgs portal}",
      journal        = "Phys. Rev.",
      volume         = "D95",
      year           = "2017",
      number         = "7",
      pages          = "075003",
      doi            = "10.1103/PhysRevD.95.075003",
      eprint         = "1606.04943",
      archivePrefix  = "arXiv",
      primaryClass   = "hep-ph",
      SLACcitation   = "%%CITATION = ARXIV:1606.04943;%%"
}

@article{Essig:2013vha,
      author         = "Essig, Rouven and Mardon, Jeremy and Papucci, Michele and
                        Volansky, Tomer and Zhong, Yi-Ming",
      title          = "{Constraining Light Dark Matter with Low-Energy $e^+e^-$
                        Colliders}",
      journal        = "JHEP",
      volume         = "11",
      year           = "2013",
      pages          = "167",
      doi            = "10.1007/JHEP11(2013)167",
      eprint         = "1309.5084",
      archivePrefix  = "arXiv",
      primaryClass   = "hep-ph",
      SLACcitation   = "%%CITATION = ARXIV:1309.5084;%%"
}